@book{SICP,
  title={計算機プログラムの構造と解釈},
  isbn={9784894711631},
  url={http://books.google.co.uk/books?id=LiXcPAAACAAJ},
  year={2000},
  publisher={ピアソンエデュケーション}
}
